@article{costan2016intel,
  title   = {Intel SGX explained},
  author  = {Costan, Victor and Devadas, Srinivas},
  journal = {Cryptology ePrint Archive},
  year    = {2016}
}

@article{coker2011principles,
  title     = {Principles of remote attestation},
  author    = {Coker, George and Guttman, Joshua and Loscocco, Peter and Herzog, Amy and Millen, Jonathan and Oâ€™Hanlon, Brian and Ramsdell, John and Segall, Ariel and Sheehy, Justin and Sniffen, Brian},
  journal   = {International Journal of Information Security},
  volume    = {10},
  pages     = {63--81},
  year      = {2011},
  publisher = {Springer}
}

@inproceedings{chen2019sgxpectre,
  title        = {Sgxpectre: Stealing intel secrets from sgx enclaves via speculative execution},
  author       = {Chen, Guoxing and Chen, Sanchuan and Xiao, Yuan and Zhang, Yinqian and Lin, Zhiqiang and Lai, Ten H},
  booktitle    = {2019 IEEE European Symposium on Security and Privacy (EuroS\&P)},
  pages        = {142--157},
  year         = {2019},
  organization = {IEEE}
}

@inproceedings{van2018foreshadow,
  title     = {Foreshadow: Extracting the keys to the intel $\{$SGX$\}$ kingdom with transient $\{$Out-of-Order$\}$ execution},
  author    = {Van Bulck, Jo and Minkin, Marina and Weisse, Ofir and Genkin, Daniel and Kasikci, Baris and Piessens, Frank and Silberstein, Mark and Wenisch, Thomas F and Yarom, Yuval and Strackx, Raoul},
  booktitle = {27th USENIX Security Symposium (USENIX Security 18)},
  pages     = {991--1008},
  year      = {2018}
}

@inproceedings{borrello2022aepic,
  title     = {$\{${\AE}PIC$\}$ leak: Architecturally leaking uninitialized data from the microarchitecture},
  author    = {Borrello, Pietro and Kogler, Andreas and Schwarzl, Martin and Lipp, Moritz and Gruss, Daniel and Schwarz, Michael},
  booktitle = {31st USENIX Security Symposium (USENIX Security 22)},
  pages     = {3917--3934},
  year      = {2022}
}